Untuk setiap referensi, baris pertama (newton1687) merupakan label dan baris-baris berikutnya
merupakan atribut dari referensi yang akan digunakan. Umumnya, format referensi berikut sudah
disediakan oleh penyedia sumber referensi secara online dan bisa langsung ditaruh di sini.

Lihat https://www.bibtex.com/g/bibtex-format/ untuk informasi lebih lanjut mengenai format
BibTex yang digunakan pada file ini.

@article{newton1687,
  author  = {Isaac Newton},
  journal = {Philosophi√¶ Naturalis Principia Mathematica},
  title   = {Axioms or Laws of Motion},
  year    = {1687}
}

@Article{Binz2009,
  author      = {Tobias Binz and Gerd Breiter and Frank Leymann and Thomas Spatzier},
  title       = {{Portable Cloud Services Using TOSCA}},
  journal     = {IEEE Internet Computing},
  year        = {2012},
  pages       = {80--85},
  volume      = {16},
  number      = {03},
  issn        = {1089-7801},
  doi         = {10.1109/mic.2012.43},
  month       = may,
  publisher   = {IEEE Computer Society},
}

@Manual{mwe,
  author = {Martin Scharrer},
  title  = {The \texttt{mwe} Package},
  year   = {2017},
  url    = {http://texdoc.net/mwe},
}

@Comment{jabref-meta: databaseType:bibtex;}
